@online{OpenAI,
    author = {{OpenAI, Inc.}},
    title = {About | OpenAI},
    url = {https://openai.com/about},
    urldate = {2025-05-13},
}
